@String(PAMI = {IEEE Trans. Pattern Anal. Mach. Intell.})
@String(IJCV = {Int. J. Comput. Vis.})
@String(CVPR= {IEEE Conf. Comput. Vis. Pattern Recog.})
@String(ICCV= {Int. Conf. Comput. Vis.})
@String(ECCV= {Eur. Conf. Comput. Vis.})
@String(NIPS= {Adv. Neural Inform. Process. Syst.})
@String(ICPR = {Int. Conf. Pattern Recog.})
@String(BMVC= {Brit. Mach. Vis. Conf.})
@String(TOG= {ACM Trans. Graph.})
@String(TIP  = {IEEE Trans. Image Process.})
@String(TVCG  = {IEEE Trans. Vis. Comput. Graph.})
@String(TMM  = {IEEE Trans. Multimedia})
@String(ACMMM= {ACM Int. Conf. Multimedia})
@String(ICME = {Int. Conf. Multimedia and Expo})
@String(ICASSP=	{ICASSP})
@String(ICIP = {IEEE Int. Conf. Image Process.})
@String(ACCV  = {ACCV})
@String(ICLR = {Int. Conf. Learn. Represent.})
@String(IJCAI = {IJCAI})
@String(PR   = {Pattern Recognition})
@String(AAAI = {AAAI})
@String(CVPRW= {IEEE Conf. Comput. Vis. Pattern Recog. Worksh.})
@String(CSVT = {IEEE Trans. Circuit Syst. Video Technol.})

@String(SPL	= {IEEE Sign. Process. Letters})
@String(VR   = {Vis. Res.})
@String(JOV	 = {J. Vis.})
@String(TVC  = {The Vis. Comput.})
@String(JCST  = {J. Comput. Sci. Tech.})
@String(CGF  = {Comput. Graph. Forum})
@String(CVM = {Computational Visual Media})


@String(PAMI  = {IEEE TPAMI})
@String(IJCV  = {IJCV})
@String(CVPR  = {CVPR})
@String(ICCV  = {ICCV})
@String(ECCV  = {ECCV})
@String(NIPS  = {NeurIPS})
@String(ICPR  = {ICPR})
@String(BMVC  =	{BMVC})
@String(TOG   = {ACM TOG})
@String(TIP   = {IEEE TIP})
@String(TVCG  = {IEEE TVCG})
@String(TCSVT = {IEEE TCSVT})
@String(TMM   =	{IEEE TMM})
@String(ACMMM = {ACM MM})
@String(ICME  =	{ICME})
@String(ICASSP=	{ICASSP})
@String(ICIP  = {ICIP})
@String(ACCV  = {ACCV})
@String(ICLR  = {ICLR})
@String(IJCAI = {IJCAI})
@String(PR = {PR})
@String(AAAI = {AAAI})
@String(CVPRW= {CVPRW})
@String(CSVT = {IEEE TCSVT})


@misc{bachmann2023scaling,
      title={Scaling MLPs: A Tale of Inductive Bias}, 
      author={Gregor Bachmann and Sotiris Anagnostidis and Thomas Hofmann},
      year={2023},
      eprint={2306.13575},
      archivePrefix={arXiv},
      primaryClass={cs.LG}
}


@InProceedings{Simonyan14a,
  author       = "Karen Simonyan and Andrea Vedaldi and Andrew Zisserman",
  title        = "Deep Inside Convolutional Networks: Visualising Image Classification Models and Saliency Maps",
  booktitle    = "Workshop at International Conference on Learning Representations",
  year         = "2014",
}


@article{erhan,
author = {Erhan, Dumitru and Bengio, Y. and Courville, Aaron and Vincent, Pascal},
year = {2009},
month = {01},
pages = {},
title = {Visualizing Higher-Layer Features of a Deep Network},
journal = {Technical Report, Univeristé de Montréal}
}


@article{advmom,
title = {Boosting adversarial attacks with future momentum and future transformation},
journal = {Computers & Security},
volume = {127},
pages = {103124},
year = {2023},
issn = {0167-4048},
doi = {https://doi.org/10.1016/j.cose.2023.103124},
author = {Zhongshu Mao and Yiqin Lu and Zhe Cheng and Xiong Shen and Yang Zhang and Jiancheng Qin},
url = {https://www.sciencedirect.com/science/article/pii/S0167404823000342}
}

@article{YU2018147,
title = {A user-based taxonomy for deep learning visualization},
journal = {Visual Informatics},
volume = {2},
number = {3},
pages = {147-154},
year = {2018},
issn = {2468-502X},
doi = {https://doi.org/10.1016/j.visinf.2018.09.001},
url = {https://www.sciencedirect.com/science/article/pii/S2468502X1830038X},
author = {Rulei Yu and Lei Shi},
keywords = {Deep learning, Visualization, Interpretation}
}

@ARTICLE{7539329,
  author={Rauber, Paulo E. and Fadel, Samuel G. and Falcão, Alexandre X. and Telea, Alexandru C.},
  journal={IEEE Transactions on Visualization and Computer Graphics}, 
  title={Visualizing the Hidden Activity of Artificial Neural Networks}, 
  year={2017},
  volume={23},
  number={1},
  pages={101-110},
  doi={10.1109/TVCG.2016.2598838}
}

@article{JMLR:v15:vandermaaten14a,
  author  = {Laurens van der Maaten},
  title   = {Accelerating t-SNE using Tree-Based Algorithms},
  journal = {Journal of Machine Learning Research},
  year    = {2014},
  volume  = {15},
  number  = {93},
  pages   = {3221--3245},
  url     = {http://jmlr.org/papers/v15/vandermaaten14a.html}
}

@inproceedings{Krizhevsky2009LearningML,
  title={Learning Multiple Layers of Features from Tiny Images},
  author={Alex Krizhevsky},
  year={2009},
  url={https://api.semanticscholar.org/CorpusID:18268744}
}

@inproceedings{Le2015TinyIV,
  title={Tiny ImageNet Visual Recognition Challenge},
  author={Ya Le and Xuan S. Yang},
  year={2015},
  url={https://api.semanticscholar.org/CorpusID:16664790}
}

@inproceedings{deng2009imagenet,
  title={Imagenet: A large-scale hierarchical image database},
  author={Deng, Jia and Dong, Wei and Socher, Richard and Li, Li-Jia and Li, Kai and Fei-Fei, Li},
  booktitle={2009 IEEE conference on computer vision and pattern recognition},
  pages={248--255},
  year={2009},
  organization={Ieee}
}

@misc{he2015deep,
      title={Deep Residual Learning for Image Recognition}, 
      author={Kaiming He and Xiangyu Zhang and Shaoqing Ren and Jian Sun},
      year={2015},
      eprint={1512.03385},
      archivePrefix={arXiv},
      primaryClass={cs.CV}
}

@incollection{NEURIPS2019_9015,
title = {PyTorch: An Imperative Style, High-Performance Deep Learning Library},
author = {Paszke, Adam and Gross, Sam and Massa, Francisco and Lerer, Adam and Bradbury, James and Chanan, Gregory and Killeen, Trevor and Lin, Zeming and Gimelshein, Natalia and Antiga, Luca and Desmaison, Alban and Kopf, Andreas and Yang, Edward and DeVito, Zachary and Raison, Martin and Tejani, Alykhan and Chilamkurthy, Sasank and Steiner, Benoit and Fang, Lu and Bai, Junjie and Chintala, Soumith},
booktitle = {Advances in Neural Information Processing Systems 32},
pages = {8024--8035},
year = {2019},
publisher = {Curran Associates, Inc.},
url = {http://papers.neurips.cc/paper/9015-pytorch-an-imperative-style-high-performance-deep-learning-library.pdf}
}

@misc{szegedy2014intriguing,
      title={Intriguing properties of neural networks}, 
      author={Christian Szegedy and Wojciech Zaremba and Ilya Sutskever and Joan Bruna and Dumitru Erhan and Ian Goodfellow and Rob Fergus},
      year={2014},
      eprint={1312.6199},
      archivePrefix={arXiv},
      primaryClass={cs.CV}
}

@article{Selvaraju_2019,
	doi = {10.1007/s11263-019-01228-7},
	url = {https://doi.org/10.1007%2Fs11263-019-01228-7},
	year = 2019,
	month = {oct},
	publisher = {Springer Science and Business Media {LLC}
},
	volume = {128},
	number = {2},
	pages = {336--359},
	author = {Ramprasaath R. Selvaraju and Michael Cogswell and Abhishek Das and Ramakrishna Vedantam and Devi Parikh and Dhruv Batra},
	title = {Grad-{CAM}: Visual Explanations from Deep Networks via Gradient-Based Localization},
	journal = {International Journal of Computer Vision}
}

@misc{ribeiro2016why,
      title={"Why Should I Trust You?": Explaining the Predictions of Any Classifier}, 
      author={Marco Tulio Ribeiro and Sameer Singh and Carlos Guestrin},
      year={2016},
      eprint={1602.04938},
      archivePrefix={arXiv},
      primaryClass={cs.LG}
}

@article{LONG2022102847,
title = {A survey on adversarial attacks in computer vision: Taxonomy, visualization and future directions},
journal = {Computers & Security},
volume = {121},
pages = {102847},
year = {2022},
issn = {0167-4048},
doi = {https://doi.org/10.1016/j.cose.2022.102847},
url = {https://www.sciencedirect.com/science/article/pii/S0167404822002413},
author = {Teng Long and Qi Gao and Lili Xu and Zhangbing Zhou},
keywords = {Deep learning, Adversarial attack, Black-box attack, White-box attack, Robustness, Visualization analysis},
}

@misc{dosovitskiy2021image,
      title={An Image is Worth 16x16 Words: Transformers for Image Recognition at Scale}, 
      author={Alexey Dosovitskiy and Lucas Beyer and Alexander Kolesnikov and Dirk Weissenborn and Xiaohua Zhai and Thomas Unterthiner and Mostafa Dehghani and Matthias Minderer and Georg Heigold and Sylvain Gelly and Jakob Uszkoreit and Neil Houlsby},
      year={2021},
      eprint={2010.11929},
      archivePrefix={arXiv},
      primaryClass={cs.CV}
}